<record><leader>00000cas a22000007a 4500</leader><controlfield tag="001">1759984</controlfield><controlfield tag="008">751101c19539999nduwr ne      0    0eng d</controlfield><controlfield tag="009">501</controlfield><datafield ind1=" " ind2=" " tag="010"><subfield code="a">sn 88076194 </subfield></datafield><datafield ind1=" " ind2=" " tag="040"><subfield code="a">MUL</subfield><subfield code="b">eng</subfield><subfield code="c">MUL</subfield><subfield code="d">NOP</subfield></datafield><datafield ind1="1" ind2=" " tag="029"><subfield code="a">AU@</subfield><subfield code="b">000025836365</subfield></datafield><datafield ind1=" " ind2=" " tag="042"><subfield code="a">msc</subfield></datafield><datafield ind1="0" ind2="0" tag="245"><subfield code="a">New Town news and Sanish sentinel.</subfield></datafield><datafield ind1="0" ind2="0" tag="246"><subfield code="a">Newtown news and Sanish sentinel</subfield></datafield><datafield ind1=" " ind2=" " tag="260"><subfield code="a">Sanish, N.D. :</subfield><subfield code="b">Lyle H. Johnson,</subfield></datafield><datafield ind1=" " ind2=" " tag="300"><subfield code="a">v. :</subfield><subfield code="b">ill. ;</subfield><subfield code="c">56-58 cm.</subfield></datafield><datafield ind1=" " ind2=" " tag="310"><subfield code="a">Weekly</subfield></datafield><datafield ind1="0" ind2=" " tag="362"><subfield code="a">Vol. 37, no. 41 (Jan. 29, 1953)-</subfield></datafield><datafield ind1=" " ind2=" " tag="500"><subfield code="a">Place of publication varies: Sanish, N.D., Jan. 29-Feb. 19, 1953; New Town, N.D., Feb. 26, 1953-</subfield></datafield><datafield ind1=" " ind2=" " tag="530"><subfield code="a">Available on microfilm from the State Historical Society of North Dakota.</subfield></datafield><datafield ind1=" " ind2=" " tag="752"><subfield code="a">United States</subfield><subfield code="b">North Dakota</subfield><subfield code="c">Mountrail</subfield><subfield code="d">New Town.</subfield></datafield><datafield ind1=" " ind2=" " tag="752"><subfield code="a">United States</subfield><subfield code="b">North Dakota</subfield><subfield code="c">Mountrail</subfield><subfield code="d">Sanish.</subfield></datafield><datafield ind1="0" ind2="0" tag="780"><subfield code="t">New Town news</subfield><subfield code="w">(DLC)sn 88076450</subfield></datafield></record>